<record><leader>00000cas a22000007a 4500</leader><controlfield tag="001">20537433</controlfield><controlfield tag="008">891023d18951992mouwr ne      0   a0eng d</controlfield><datafield ind1=" " ind2=" " tag="010"><subfield code="a">sn 89067390 </subfield></datafield><datafield ind1=" " ind2=" " tag="040"><subfield code="a">MQN</subfield><subfield code="b">eng</subfield><subfield code="c">MQN</subfield><subfield code="d">NSD</subfield><subfield code="d">OCLCQ</subfield><subfield code="d">DLC</subfield><subfield code="d">OCLCF</subfield></datafield><datafield ind1="0" ind2=" " tag="022"><subfield code="a">2375-4524</subfield><subfield code="2">1</subfield></datafield><datafield ind1=" " ind2=" " tag="042"><subfield code="a">msc</subfield><subfield code="a">nsdp</subfield></datafield><datafield ind1=" " ind2=" " tag="043"><subfield code="a">n-us-mo</subfield></datafield><datafield ind1="0" ind2="0" tag="050"><subfield code="a">Newspaper</subfield></datafield><datafield ind1="0" ind2="0" tag="082"><subfield code="a">071</subfield><subfield code="2">23</subfield></datafield><datafield ind1=" " ind2="4" tag="222"><subfield code="a">The Taney County republican</subfield><subfield code="b">(Print)</subfield></datafield><datafield ind1="0" ind2="4" tag="245"><subfield code="a">The Taney County republican.</subfield></datafield><datafield ind1=" " ind2=" " tag="260"><subfield code="a">Forsyth, Mo. :</subfield><subfield code="b">Price &amp; Williams,</subfield><subfield code="c">1895-1992.</subfield></datafield><datafield ind1=" " ind2=" " tag="300"><subfield code="a">v.</subfield></datafield><datafield ind1=" " ind2=" " tag="310"><subfield code="a">Weekly</subfield></datafield><datafield ind1="0" ind2=" " tag="362"><subfield code="a">Vol. 1, no. 1 (Nov. 28, 1895)-v. 97, no. 40 (Apr. 29, 1992).</subfield></datafield><datafield ind1=" " ind2=" " tag="530"><subfield code="a">Archived issues are available in digital format from the Library of Congress Chronicling America online collection.</subfield></datafield><datafield ind1=" " ind2=" " tag="580"><subfield code="a">Merged with: Branson beacon and White River leader, and: Southwest Missourian, to form: Branson tri-lakes daily news.</subfield></datafield><datafield ind1=" " ind2="0" tag="651"><subfield code="a">Forsyth (Mo.)</subfield><subfield code="v">Newspapers.</subfield></datafield><datafield ind1=" " ind2="7" tag="655"><subfield code="a">Newspapers.</subfield><subfield code="2">fast</subfield><subfield code="0">(OCoLC)fst01423814</subfield></datafield><datafield ind1=" " ind2="7" tag="651"><subfield code="a">Missouri</subfield><subfield code="z">Forsyth.</subfield><subfield code="2">fast</subfield><subfield code="0">(OCoLC)fst01232353</subfield></datafield><datafield ind1=" " ind2=" " tag="752"><subfield code="a">United States</subfield><subfield code="b">Missouri</subfield><subfield code="c">Taney</subfield><subfield code="d">Forsyth.</subfield></datafield><datafield ind1="0" ind2="8" tag="776"><subfield code="i">Online version:</subfield><subfield code="t">Taney County republican</subfield><subfield code="x">2375-4532</subfield><subfield code="w">(DLC)  2014218645</subfield><subfield code="w">(OCoLC)892991146</subfield></datafield><datafield ind1="1" ind2="7" tag="785"><subfield code="t">Branson beacon and White River leader</subfield><subfield code="w">(DLC)sn 89066086</subfield><subfield code="w">(OCoLC)20372024</subfield></datafield><datafield ind1="1" ind2="7" tag="785"><subfield code="t">Southwest Missourian</subfield><subfield code="x">0193-1016</subfield><subfield code="w">(DLC)sn 79003311</subfield><subfield code="w">(OCoLC)5138447</subfield></datafield><datafield ind1="1" ind2="7" tag="785"><subfield code="t">Branson tri-lakes daily news</subfield><subfield code="x">1063-6994</subfield><subfield code="w">(DLC)sn 92058860</subfield><subfield code="w">(OCoLC)25810301</subfield></datafield><datafield ind1="4" ind2="1" tag="856"><subfield code="u">http://www.loc.gov/chroniclingamerica/lccn/sn89067390/issues</subfield></datafield></record>